@Webpage{Ethersex,
	title = "{Ethersex}",
	url = "ethersex.de",
	year = "12:49:27, 09.06.2014"
}

@Webpage{elektronik2000,
	title = "{E2000-NET-IO}",
	url = "http://www.elektronik2000.de/content.php?id=49",
	year = "16:23:40, 09.06.2014"
}